@techreport{mishra2014,
  title={Farmers’ suicides in India, 1995-2012: Measurement and interpretation},
  author={Mishra, Srijit},
  year={2014},
  institution={Asia Research Centre Working Paper 62 (London: London School of Economics \& Political Science)}
}

@article{dev2010food,
  title={Food security in India: Performance, challenges and policies},
  author={Dev, S Mahendra and Sharma, Alakh N},
  year={2010}
}

@article{tai2014threat,
  title={Threat to future global food security from climate change and ozone air pollution},
  author={Tai, Amos PK and Martin, Maria Val and Heald, Colette L},
  journal={Nature Climate Change},
  volume={4},
  number={9},
  pages={817--821},
  year={2014},
  publisher={Nature Publishing Group}
}

@article{strange2005plant,
  title={Plant disease: a threat to global food security},
  author={Strange, Richard N and Scott, Peter R},
  journal={Phytopathology},
  volume={43},
  year={2005}
}

@article{ifad2013smallholders,
  title={Smallholders, food security and the environment},
  author={IFAD, UNEP},
  journal={Rome: International Fund for Agricultural Development},
  year={2013}
}

@article{hindumobile,
  title={With 220Mn Users, India is Now World’s Second-Biggest Smartphone Market},
  journal={The Hindu},
  year={February 3, 2016},
  url={http://www.thehindu.com/news/cities/mumbai/business/with-220mn-users-india-is-now-worlds-secondbiggest-smartphone-market/article8186543.ece}
}

@inproceedings{krizhevsky2012imagenet,
  title={Imagenet classification with deep convolutional neural networks},
  author={Krizhevsky, Alex and Sutskever, Ilya and Hinton, Geoffrey E},
  booktitle={Advances in neural information processing systems},
  pages={1097--1105},
  year={2012}
}

@article{hughes2015open,
  title={An open access repository of images on plant health to enable the development of mobile disease diagnostics through machine learning and crowdsourcing},
  author={Hughes, David and Salathe, Marcel and others},
  journal={arXiv preprint arXiv:1511.08060},
  year={2015}
}

@article{mohanty2016inference,
  title={Inference of Plant Diseases from Leaf Images through Deep Learning},
  author={Mohanty, Sharada Prasanna and Hughes, David and Salathe, Marcel},
  journal={arXiv preprint arXiv:1604.03169},
  year={2016}
}

@article{DBLP:journals/corr/HeZRS15,
  author    = {Kaiming He and
               Xiangyu Zhang and
               Shaoqing Ren and
               Jian Sun},
  title     = {Deep Residual Learning for Image Recognition},
  journal   = {CoRR},
  volume    = {abs/1512.03385},
  year      = {2015},
  url       = {http://arxiv.org/abs/1512.03385},
  timestamp = {Wed, 30 Mar 2016 23:40:00 +0200},
  biburl    = {http://dblp.uni-trier.de/rec/bib/journals/corr/HeZRS15},
  bibsource = {dblp computer science bibliography, http://dblp.org}
}